@article {Barthelemy2018BC,
	author = {Alec Kirkley and Hugo Barbosa and Marc Barthelemy and Gourab Ghoshal},
	title = {From the betweenness centrality in street networks to structural invariants in random planar graphs},
	volume = {9},
	number = {2501},
	year = {2018},
	doi = {10.1038/s41467-018-04978-z},
	publisher = {Nature Publication Group},
	issn = {0027-8424},
	URL = {https://doi.org/10.1038/s41467-018-04978-z},
	eprint = {https://www.nature.com/articles/s41467-018-04978-z.pdf},
	journal = {Nat Commun}
}
